@misc{owae,
    Author = {{Oddworld Inhabitants. 1998.}},
    Title = {\textit{Oddworld: Abe's Exoddus}},
    Howpublished = {Game [PS1]},
    Note = {{(19 November 1998)}. GT Interactive, New York, USA. {Last Played May 2021.}}
}